2633 4176
1348 689 1438 750 54

647 894 886 963 Turpiter
910 892 1135 957 obticuit,
1163 891 1358 945 sublato
1376 894 1491 963 jure
1513 869 1740 944 nocendi.

720 1065 812 1119 Nil
837 1066 1127 1118 intentatum
1152 1065 1306 1117 nostri
1327 1064 1513 1135 liquere
1533 1062 1717 1133 po‘etae,

652 1241 766 1293 Nec
793 1239 1052 1292 minimum
1081 1258 1303 1291 meruere
1328 1240 1496 1304 decus,
1522 1235 1725 1304 vestigia
1747 1227 1931 1287 Graeca
2034 1243 2139 1284 330

648 1415 775 1468 Ausi
794 1416 1033 1479 deserere,
1059 1427 1107 1466 et
1133 1413 1381 1466 celebrare
1407 1411 1679 1464 domestica
1705 1412 1852 1462 facta:

651 1591 745 1643 Vel
773 1589 854 1660 qui
881 1602 1143 1659 pretextaS,
1169 1589 1243 1641 vel
1271 1590 1355 1660 qui
1376 1578 1594 1642 'docuere
1615 1599 1822 1657 togatas.

650 1766 765 1818 Nec
785 1767 958 1816 virtute
984 1765 1112 1815 foret
1138 1761 1341 1814 clarisve
1368 1765 1618 1833 potentius
1639 1761 1787 1815 armis

646 1937 814 1998 Quam
833 1939 999 2006 lingua
1025 1938 1242 2001 Latium,
1267 1938 1307 1989 si
1332 1956 1430 1988 non
1456 1936 1729 1988 offenderet
1748 1924 1924 1987 unum*

645 2116 911 2183 Quemque
931 2115 1193 2182 po'e'tarum
1218 2113 1349 2165 limae
1375 2112 1533 2178 labor,
1559 2124 1608 2164 et
1633 2130 1790 2163 mora.
1829 2112 1934 2162 Vos
1961 2111 1992 2161 ὃ
2031 2119 2131 2161 335

650 2287 934 2356 Pompilius
954 2288 1176 2377 sanguis,
1191 2305 1390 2338 carmen
1414 2284 1773 2356 reprehendite,
1803 2287 1938 2354 quod
1964 2302 2062 2334 non

646 2463 705 2515 M
717 2462 817 2515 ulta
844 2462 945 2514 dies
971 2474 1021 2513 et
1040 2460 1195 2512 muita
1214 2460 1360 2512 litura
1384 2459 1625 2520 coercuit,
1649 2469 1796 2527 atque

645 2638 934 2691 Perfectum
960 2637 1122 2688 decies
1138 2655 1237 2687 non
1262 2635 1516 2703 castigavit
1540 2635 1602 2684 ad
1630 2605 1863 2700 ungueni.

708 2814 968 2883 Ingenium
996 2812 1173 2864 misera
1195 2809 1311 2881 quia
1336 2807 1630 2862 fortunatius
1649 2805 1759 2901 *arte

640 2988 829 3053 Credit,
857 3001 906 3040 et
931 2986 1151 3039 excludit
1177 3003 1320 3036 sanos
1346 2982 1598 3035 Helicone
1619 2981 1807 3032 Po’etas
2022 2987 2126 3028 340

641 3163 983 3226 Democritus,
1009 3164 1142 3213 bona
1167 3178 1278 3228 pars
1304 3176 1403 3208 non
1431 3173 1615 3223 ungues
1641 3170 1829 3222 ponere
1856 3162 2013 3214 curat,

640 3342 765 3404 Non
790 3341 994 3390 barbam
1016 3358 1028 3401 ς
1068 3347 1253 3386 secreta
1277 3332 1400 3400 petit
1426 3330 1538 3382 loca
1560 3349 1574 3394 3
1610 3327 1787 3378 bainea
1814 3324 1947 3377 vitat.
